@comment{
  Bibliography for the thesis must be added here.
  You can use JabRef or Google Scholar to obtain the 
  cites in bibtex format.
  -Benjamin Tovar, 2014
}

@article{borel1913mecanique,
  title={La m{\'e}canique statique et l'irr{\'e}versibilit{\'e}},
  author={Borel, {\'E}mile},
  journal={J. Phys. Theor. Appl.},
  volume={3},
  number={1},
  pages={189--196},
  year={1913}
}


@ONLINE{wikiMonkeys,
  author = {Wikipedia},
  title = {Infinite monkey theorem},
  month = {December},
  year = {2014},
  url = {https://en.wikipedia.org/wiki/Infinite_monkey_theorem}
}

















